@misc{knuthwebsite,
    author    = "Donald Knuth",
    title     = "Knuth: Computers and Typesetting",
    URL       = "http://www.url.com"
}
@online{alanCarlton,
  author = {Alan Carlton},
  title = {{Information-centric networking could fix these Internet problems} Kernel Description},
  year = 2016,
  url = {http://www.networkworld.com/article/3072218/software-defined-networking/information-centric-networking-could-fix-these-internet-problems.html},
  urldate = {2016-04-29}
}
@article{Ahlgren2012,
    author  = "Bengt Ahlgren and
    Christian Dannewits and
    Claudio Imbreenda and
    Dirk Kutscher and
    Börje Ohlman",
    title   = "A survey of information-centric networking",
    year    = "2012",
    journal = "IEEE Communications Magazine",
    volume  = "50",
    number  = "7",
}
@article{Ahlgreniot,
    author  = "
    Anders Lindgren and
    Fehmi Ben Abdesslem and
    Bengt Ahlgren and
    Olov Schelen and
    Adeel Mohammad Malik
    ",
    title   = "Design Choices for the IoT in Information-Centric Networks",
    year    = "2016",
    journal = "IEEE Consumer Communications and Networking Conference",
}

@techreport{rfc4944,
  AUTHOR = "Steve Deering and R. Hinden",
  TITLE = "{Transmission of IPv6 Packets over IEEE 802.15.4 Networks}",
  HOWPUBLISHED = {Internet Requests for Comments},
  TYPE="{RFC 4944}",
  PAGES = {1-56},
  YEAR = {2007},
  MONTH = {September},
  howpublished = "\url{http://www.rfc-editor.org/rfc/rfc4944.txt}",
}
@techreport{rfc2460,
  AUTHOR = "Steve Deering and R. Hinden",
  TITLE = "{Internet Protocol, Version 6 (IPv6) Specification}",
  HOWPUBLISHED = {Internet Requests for Comments},
  TYPE="{RFC 2460}",
  PAGES = {1-56},
  YEAR = {1998},
  MONTH = {December},
  howpublished = "\url{http://www.rfc-editor.org/rfc/rfc2460.txt}",
}
@techreport{rfc791,
  AUTHOR = "",
  TITLE = "{Internet Protocol, Darpa Internet program protocol specification}",
  HOWPUBLISHED = {Internet Requests for Comments},
  TYPE="{RFC 791}",
  YEAR = {1981},
  MONTH = {September},
  howpublished = "\url{https://tools.ietf.org/html/rfc791}",
}

@ARTICLE{6185525, 
journal={IEEE Std 802.15.4-2011 (Amendment to IEEE Std 802.15.4-2011)}, 
title={IEEE Standard for Local and metropolitan area networks--Part 15.4: Low-Rate Wireless Personal Area Networks (LR-WPANs) Amendment 1: MAC sublayer}, 
year={2012}, 
pages={1-225}, 
keywords={IEEE standards;personal area networks;Chinese WPAN;IEEE 802.15.4 MAC;IEEE Std 802.15.4-2011;IEEE Std 802.15.4e-2012;LR-WPAN;compatibility;industrial markets;low-rate wireless personal area networks;AC motors;IEEE standards;Local area networks;Metropolitan area networks;Personal area networks;Radiofrequency identification;Wireless communication;IEEE 802.15.4;MAC performance metrics (metrics);RFID Blink;asynchronous multi-channel adaptation (AMCA);deterministic and asynchronous multi-channel adaptation (AMCA);deterministic and synchronous multichannel extension (DSME);enhanced beacon request (EBR);enhancements for security;fast association (FastA);lEEE 802.15.4e;low energy;low latency deterministic networks (LLDN);timeslotted channel hopping (TSCH)}, 
doi={10.1109/IEEESTD.2012.6185525}, 
month={April}
}
@ARTICLE{iotchop, 
author={M. Amadeo and C. Campolo and J. Quevedo and D. Corujo and A. Molinaro and A. Iera and R. L. Aguiar and A. V. Vasilakos}, 
journal={IEEE Network}, 
title={Information-centric networking for the internet of things: challenges and opportunities}, 
year={2016}, 
volume={30}, 
number={2}, 
pages={92-100}, 
keywords={Internet of Things;information retrieval;Internet of Things;content retrieval;data dissemination efficiency;data dissemination robustness;heavy traffic patterns;information centric networking;IP networks;Information exchange;Internet;Network topology;Routing protocols;Security;Smart grids}, 
doi={10.1109/MNET.2016.7437030}, 
ISSN={0890-8044}, 
month={March},}

@inproceedings{icniotexpinwild,
 author = {Baccelli, Emmanuel and Mehlis, Christian and Hahm, Oliver and Schmidt, Thomas C. and W\"{a}hlisch, Matthias},
 title = {Information Centric Networking in the IoT: Experiments with NDN in the Wild},
 booktitle = {Proceedings of the 1st ACM Conference on Information-Centric Networking},
 series = {ACM-ICN '14},
 year = {2014},
 isbn = {978-1-4503-3206-4},
 location = {Paris, France},
 pages = {77--86},
 numpages = {10},
 url = {http://doi.acm.org/10.1145/2660129.2660144},
 doi = {10.1145/2660129.2660144},
 acmid = {2660144},
 publisher = {ACM},
 address = {New York, NY, USA},
 keywords = {ccn, deployment, icn, iot, ndn, performance},
} 

@online{radio-electronic-802-15-4,
  author = {Ian Poole},
  title = {IEEE 802.15.4 Technology and Standard},
  howpublished = "\url{http://www.radio-electronics.com/info/wireless/ieee-802-15-4/wireless-standard-technology.php} visited 2017-07-22",
  urldate = {2017-07-22}
}
@online{contiki-os,
  title = {Contiki-OS},
  howpublished = "\url{http://www.contiki-os.org} visited 2017-07-24",
  urldate = {2017-07-24}
}
@online{mqtt,
  title = {MQTT},
  howpublished = "\url{http://www.mqtt.org} visited 2017-08-01",
  urldate = {2017-08-01}
}
@inproceedings{hunkeler2008mqtt,
  title={MQTT-S—A publish/subscribe protocol for Wireless Sensor Networks},
  author={Hunkeler, Urs and Truong, Hong Linh and Stanford-Clark, Andy},
  booktitle={Communication systems software and middleware and workshops, 2008. comsware 2008. 3rd international conference on},
  pages={791--798},
  year={2008},
  organization={IEEE}
}
@oneline{MQTT-SN,
    title = {MQTT For sensor networks(MQTT-SN), version 1.2},
    author = {Stanford-Clark, Andy and Hong Linh Truong},
    year={2008},
    howpublished ="\url{http://mqtt.org/new/wp-content/uploads/2009/06/MQTT-SN_spec_v1.2.pdf} visited 2017-07-28"
}
@techreport{rfc7959,
  AUTHOR = "Z. Shelby and K. Hartke and C. Bormann",
  TITLE = "{The Constrained Application Protocol (CoAP)}",
  HOWPUBLISHED = {Internet Requests for Comments},
  TYPE="{RFC 7959}",
  YEAR = {2014},
  MONTH = {June},
  howpublished = "\url{https://tools.ietf.org/html/rfc7252}",
}
@article{Greek-ICN-networking-survey-2014,
  title={A survey of information-centric networking research},
  author={Xylomenos, George and Ververidis, Christopher N and Siris, Vasilios A and Fotiou, Nikos and Tsilopoulos, Christos and Vasilakos, Xenofon and Katsaros, Konstantinos V and Polyzos, George C},
  journal={IEEE Communications Surveys \& Tutorials},
  volume={16},
  number={2},
  pages={1024--1049},
  year={2014},
  publisher={IEEE}
}
@inproceedings{Jacobson2009,
  title={Networking named content},
  author={Jacobson, Van and Smetters, Diana K and Thornton, James D and Plass, Michael F and Briggs, Nicholas H and Braynard, Rebecca L},
  booktitle={Proceedings of the 5th international conference on Emerging networking experiments and technologies},
  pages={1--12},
  year={2009},
  organization={ACM}
}
@online{6LBR,
  title = {6LBR},
  howpublished = "\url{http://cetic.github.io/6lbr/} visited 2017-08-20",
  urldate = {2017-07-24}
}

@online{Sparrow,
  title = {Sparrow Application Layer},
  howpublished = "\url{https://github.com/sics-iot/sparrow} visited 2017-08-20",
  urldate = {2017-08-20}
}
@online{RIOT,
  title = {Riot},
  howpublished = "\url{https://riot-os.org/} visited 2017-10-10",
  urldate = {2017-08-20}
}


@online{CCN-LITE,
  title = {CCN-LITE, Content Centric Netowrking lite platform},
  howpublished = "\url{http://www.ccn-lite.net/} visited 2017-08-20",
  urldate = {2017-07-24}
}

@online{CC2650,
  title = {Texas Instruments, CC2650 sensortag},
  howpublished = "\url{http://www.ti.com/tool/cc2650stk} visited 2017-09-20",
  urldate = {2017-09-20}
}

@online{RP3,
  title = {Raspberry Pi 3},
  howpublished = "\url{https://www.raspberrypi.org/products/raspberry-pi-3-model-b/} visited 2017-09-20",
  urldate = {2017-09-20}
}
@inproceedings{yanqui,
  title={Adapting information-centric networking to small sensor nodes for hetrogeneous IoT network},
  author={Yanqiu Wu},
  year={2016},
}



